% Example

@misc{ patashnik-bibtexing,
       author = "Oren Patashnik",
       title = "BIBTEXing",
       year = "1988" }
